@online{ieeeGuide,
  author  = {IEEE},
  title   = {IEEE Reference Guide},
  year    = {2024},
  url     = {https://ieeeauthorcenter.ieee.org/},
  urldate = {2025-08-31}
}

@online{apaGuide,
  author  = {American Psychological Association},
  title   = {Publication Manual of the American Psychological Association, 7th Edition},
  year    = {2020},
  url     = {https://apastyle.apa.org/products/publication-manual-7th-edition},
  urldate = {2025-08-31}
} 
